<record><leader>00000cas a22000007a 4500</leader><controlfield tag="001">29993830</controlfield><controlfield tag="008">940321c19869999tnuwr ne      0    0eng d</controlfield><datafield ind1=" " ind2=" " tag="010"><subfield code="a">sn 99065751 </subfield></datafield><datafield ind1=" " ind2=" " tag="040"><subfield code="a">TTU</subfield><subfield code="b">eng</subfield><subfield code="c">TTU</subfield><subfield code="d">OCL</subfield><subfield code="d">TGN</subfield><subfield code="d">OCLCQ</subfield><subfield code="d">OCLCF</subfield><subfield code="d">OCLCO</subfield></datafield><datafield ind1="1" ind2=" " tag="029"><subfield code="a">AU@</subfield><subfield code="b">000020041905</subfield></datafield><datafield ind1=" " ind2=" " tag="042"><subfield code="a">msc</subfield></datafield><datafield ind1=" " ind2=" " tag="043"><subfield code="a">n-us-tn</subfield></datafield><datafield ind1=" " ind2=" " tag="090"><subfield code="a">AN1</subfield><subfield code="b">.F46</subfield></datafield><datafield ind1="0" ind2=" " tag="130"><subfield code="a">Fentress courier (Jamestown, Tenn.)</subfield></datafield><datafield ind1="1" ind2="0" tag="245"><subfield code="a">Fentress courier.</subfield></datafield><datafield ind1=" " ind2=" " tag="260"><subfield code="a">Jamestown, Tenn. :</subfield><subfield code="b">Fentress Courier, Inc.</subfield></datafield><datafield ind1=" " ind2=" " tag="300"><subfield code="a">v. :</subfield><subfield code="b">ill. ;</subfield><subfield code="c">58 cm.</subfield></datafield><datafield ind1="1" ind2=" " tag="362"><subfield code="a">Began 1986.</subfield></datafield><datafield ind1=" " ind2=" " tag="588"><subfield code="a">Description based on: Vol. 2, no. 42 (Oct. 21, 1987).</subfield></datafield><datafield ind1=" " ind2="0" tag="651"><subfield code="a">Jamestown (Tenn.)</subfield><subfield code="v">Newspapers.</subfield></datafield><datafield ind1=" " ind2="0" tag="651"><subfield code="a">Fentress County (Tenn.)</subfield><subfield code="v">Newspapers.</subfield></datafield><datafield ind1=" " ind2="7" tag="655"><subfield code="a">Newspapers.</subfield><subfield code="2">fast</subfield><subfield code="0">(OCoLC)fst01423814</subfield></datafield><datafield ind1=" " ind2="7" tag="651"><subfield code="a">Tennessee</subfield><subfield code="z">Fentress County.</subfield><subfield code="2">fast</subfield><subfield code="0">(OCoLC)fst01220575</subfield></datafield><datafield ind1=" " ind2="7" tag="651"><subfield code="a">Tennessee</subfield><subfield code="z">Jamestown.</subfield><subfield code="2">fast</subfield><subfield code="0">(OCoLC)fst01261140</subfield></datafield><datafield ind1=" " ind2=" " tag="752"><subfield code="a">United States</subfield><subfield code="b">Tennessee</subfield><subfield code="c">Fentress</subfield><subfield code="d">Jamestown.</subfield></datafield><datafield ind1="0" ind2="5" tag="780"><subfield code="t">Fentress County leader-times</subfield><subfield code="g">Oct 21, 1987</subfield><subfield code="w">(DLC)sn 99065750</subfield></datafield></record>